<?xml version="1.0" encoding="UTF-8"?>
<collection xmlns="http://www.loc.gov/MARC21/slim" xmlns:marc="http://www.loc.gov/MARC21/slim" xmlns:xsi="http://www.w3.org/2001/XMLSchema-instance" xsi:schemaLocation="http://www.loc.gov/MARC21/slim http://www.loc.gov/standards/marcxml/schema/MARC21slim.xsd">
  <record>
    <leader>00000npcaa2200000 u 4500</leader>
    <controlfield tag="008">221215i19171950xx                  eng d</controlfield>
    <datafield ind1=" " ind2=" " tag="040">
      <subfield code="b">eng</subfield>
      <subfield code="e">Finding aid content adheres to that prescribed by Describing Archives: A Content Standard.</subfield>
    </datafield>
    <datafield ind1=" " ind2=" " tag="041">
      <subfield code="a">eng</subfield>
    </datafield>
    <datafield ind1=" " ind2=" " tag="049"/>
    <datafield ind1=" " ind2=" " tag="099">
      <subfield code="a">MC001.01</subfield>
    </datafield>
    <datafield ind1="2" ind2=" " tag="110">
      <subfield code="a">American civil liberties union,</subfield>
      <subfield code="e">Creator.</subfield>
      <subfield code="4">cre</subfield>
      <subfield code="0">https://viaf.org/viaf/124191829</subfield>
    </datafield>
    <datafield ind1="2" ind2="7" tag="100">
      <subfield code="a">test</subfield>
      <subfield code="e">Creator.</subfield>
      <subfield code="4">cre</subfield>
      <subfield code="2">local</subfield>
    </datafield>
    <datafield ind1="1" ind2="0" tag="245">
      <subfield code="a">American Civil Liberties Union Records: Subgroup 1, The Roger Baldwin Years,</subfield>
      <subfield code="f">1917-1950</subfield>
      <subfield code="g">1930-1950</subfield>
    </datafield>
    <datafield ind1=" " ind2=" " tag="300">
      <subfield code="a">22</subfield>
      <subfield code="f">boxes</subfield>
    </datafield>
    <datafield ind1=" " ind2=" " tag="300">
      <subfield code="a">46</subfield>
      <subfield code="f">items</subfield>
    </datafield>
    <datafield ind1=" " ind2=" " tag="300">
      <subfield code="a">5</subfield>
      <subfield code="f">Reels</subfield>
    </datafield>
    <datafield ind1=" " ind2=" " tag="300">
      <subfield code="a">1928</subfield>
      <subfield code="f">Volumes</subfield>
    </datafield>
    <datafield ind1=" " ind2=" " tag="351">
      <subfield code="a">This finding aid provides two different arrangements for the materials. Series 1: Reel Contents - American Civil Liberties Union Microfilm are in the order that the materials are physically arranged: in the volumes first by format (correspondence or newspaper clippings) and then chronologically. Series 2: Clippings and Series 3: Correspondence provide an alternate arrangement of these same materials, organized by subject.</subfield>
    </datafield>
    <datafield ind1=" " ind2=" " tag="500">
      <subfield code="a">Location of resource: scarcpph.</subfield>
    </datafield>
    <datafield ind1=" " ind2=" " tag="500">
      <subfield code="a">Location of resource: FOR DIGITIZED CONTENT: Please see the  Guide to the American Civil Liberties Union Records .</subfield>
    </datafield>
    <datafield ind1=" " ind2=" " tag="506">
      <subfield code="a">Subgroup 1 is open for research use.</subfield>
    </datafield>
    <datafield ind1="3" ind2=" " tag="520">
      <subfield code="a">The American Civil Liberties Union Records, The Roger Baldwin years, document the activities of the ACLU from 1917 through 1950. The files contain materials on conscientious objection, freedom of speech, academic freedom, censorship, and labor concerns. The files reflect work on litigation, advocacy, and public policy. Materials include correspondence and newspaper clippings. Subgroup 1 has been digitized in its entirety and is available for members of the Princeton community to view  here . To view the database from outside Princeton University, please see the  Guide to the American Civil Liberties Union Records .</subfield>
    </datafield>
    <datafield ind1="2" ind2=" " tag="520">
      <subfield code="a">The American Civil Liberties Union Records, The Roger Baldwin years, document the activities of the ACLU from 1917 through 1950. The files contain materials on conscientious objection, freedom of speech, academic and religious freedom, censorship, labor rights, the Espionage Act of 1917, political demonstrations, political propaganda, the Ku Klux Klan and other patrioteering organizations, mob violence, racism, lynching, and other civil liberty issues. Materials include correspondence and newspaper clippings. Please see the series descriptions for additional descriptive information.

 This collection consists of 1,886 bound volumes of records from the years 1917-1946, 226 volumes of loose records from 1946-1950, and three boxes (Appendixes 1-3) that contain material primarily from 1940-1946, much of which are available on microfilm. The microfilm does not include complete runs of administrative material such as board minutes, some materials relating to files on the removal of Elizabeth Gurley Flynn from the board, various labor issues, and radio censorship. There are 228 reels of microfilm in the collection.</subfield>
    </datafield>
    <datafield ind1=" " ind2=" " tag="524">
      <subfield code="a">Identification of specific item; Date (if known); American Civil Liberties Union Records, The Roger Baldwin Years, Box and Folder Number; Public Policy Papers, Special Collections, Princeton University Library.</subfield>
    </datafield>
    <datafield ind1="2" ind2=" " tag="535">
      <subfield code="a">Microfilm of these volumes is available at the Mudd Manuscript Library. Additionally, digital images of volumes 1-71, 73-125, 127-135, and 138-141 are available online as downloadable PDFs. Please see the Reel Contents List for access to electronic copies.

 FOR DIGITIZED CONTENT: Subgroup 1 has been digitized in its entirety and is available for members of the Princeton community to view  here .</subfield>
    </datafield>
    <datafield ind1=" " ind2=" " tag="540">
      <subfield code="a">Single photocopies may be made for research purposes. For quotations that are fair use as defined under  U. S. Copyright Law , no permission to cite or publish is required. For those few instances beyond fair use, researchers are responsible for determining who may hold the copyright and obtaining approval from them. Researchers do not need anything further from the Mudd Library to move forward with their use.</subfield>
    </datafield>
    <datafield ind1="1" ind2=" " tag="541">
      <subfield code="a">Gifted to the New York Public Library by Albert DeSilver, the Director of the National Civil Liberties Bureau in 1920. The New York Public Library deaccessioned the papers in 1953 to Princeton’s Firestone Library. In 1976, the records were transferred to the Seeley G. Mudd Manuscript Library.

 Material relating to a 1912 Industrial Workers of the World free speech trial in San Diego, California is included in the collection. As it precedes the creation of the ACLU, its origin is unknown.</subfield>
    </datafield>
    <datafield ind1="0" ind2=" " tag="555">
      <subfield code="a">The ACLU Card Index (1917-1946) lists materials in this collection first chronologically and then by subject or name (original index cards are now located in AC123, Library Records). Please use the linked  Card Index Subjects list  and  Names list  (individuals are found under the heading "people" in the index) to identify relevant index terms and the years in which they appear. The cards provide reel (r), volume, and page numbers for each subject. This index has several limitations. Names are not indexed exhaustively, and material from 1946-1950 is not included. To gain access to these years, please use the Reel Contents and Series lists.

 This finding aid describes a portion of the American Civil Liberties Union Records held at the Seeley G. Mudd Manuscript Library. For an overview of the entire collection, instructions on searching the collection and requesting materials, and other information, please see the  Guide to the American Civil Liberties Union Records .</subfield>
    </datafield>
     <datafield ind1="2" ind2="7" tag="610">
      <subfield code="a">Princeton University. Class of 1953.</subfield>
      <subfield code="2">local</subfield>
  </datafield>
    <datafield ind1=" " ind2="0" tag="650">
      <subfield code="a">African Americans -- Civil rights -- History -- 20th century.</subfield>
    </datafield>
    <datafield ind1=" " ind2="0" tag="650">
      <subfield code="a">African Americans -- Legal status, laws, etc. -- United States -- 20th century.</subfield>
    </datafield>
    <datafield ind1=" " ind2="0" tag="650">
      <subfield code="a">Noncitizens</subfield>
      <subfield code="x">United States</subfield>
      <subfield code="x">Civil rights</subfield>
      <subfield code="x">20th century.</subfield>
    </datafield>
    <datafield ind1=" " ind2="0" tag="650">
      <subfield code="a">Amnesty -- United States -- 20th century.</subfield>
    </datafield>
    <datafield ind1=" " ind2="0" tag="650">
      <subfield code="a">Anti-Communist movements -- United States -- History -- 20th century.</subfield>
    </datafield>
    <datafield ind1=" " ind2="0" tag="650">
      <subfield code="a">Assembly, Right of -- United States -- 20th century.</subfield>
    </datafield>
    <datafield ind1=" " ind2="0" tag="650">
      <subfield code="a">Censorship -- United States -- 20th century.</subfield>
    </datafield>
    <datafield ind1=" " ind2="0" tag="650">
      <subfield code="a">Church and state -- United States -- 20th century.</subfield>
    </datafield>
    <datafield ind1=" " ind2="0" tag="650">
      <subfield code="a">Citizen suits (Civil procedure) -- United States -- 20th century.</subfield>
    </datafield>
    <datafield ind1=" " ind2="0" tag="650">
      <subfield code="a">Civil rights -- United States -- 20th century.</subfield>
    </datafield>
    <datafield ind1=" " ind2="0" tag="650">
      <subfield code="a">Civil rights movements</subfield>
      <subfield code="x">United States</subfield>
      <subfield code="x">History</subfield>
      <subfield code="x">20th century</subfield>
    </datafield>
    <datafield ind1=" " ind2="0" tag="650">
      <subfield code="a">Civil rights workers -- United States -- 20th Century -- Correspondence.</subfield>
    </datafield>
    <datafield ind1=" " ind2="0" tag="650">
      <subfield code="a">Communism -- United States -- 20th century.</subfield>
    </datafield>
    <datafield ind1=" " ind2="0" tag="650">
      <subfield code="a">Conscientious objectors -- United States -- 20th century.</subfield>
    </datafield>
    <datafield ind1=" " ind2="0" tag="650">
      <subfield code="a">Constitutional law -- United States -- 20th century.</subfield>
    </datafield>
    <datafield ind1=" " ind2="0" tag="650">
      <subfield code="a">Discrimination -- United States -- 20th century.</subfield>
    </datafield>
    <datafield ind1=" " ind2="0" tag="650">
      <subfield code="a">Draft resisters</subfield>
      <subfield code="x">United States</subfield>
      <subfield code="x">20th century.</subfield>
    </datafield>
    <datafield ind1=" " ind2="0" tag="650">
      <subfield code="a">Due process of law -- United States -- 20th century.</subfield>
    </datafield>
    <datafield ind1=" " ind2="0" tag="650">
      <subfield code="a">Equality before the law -- United States -- 20th century.</subfield>
    </datafield>
    <datafield ind1=" " ind2="0" tag="650">
      <subfield code="a">Freedom of association -- United States -- 20th century.</subfield>
    </datafield>
    <datafield ind1=" " ind2="0" tag="650">
      <subfield code="a">Freedom of information -- United States -- 20th century.</subfield>
    </datafield>
    <datafield ind1=" " ind2="0" tag="650">
      <subfield code="a">Freedom of movement -- United States -- 20th century.</subfield>
    </datafield>
    <datafield ind1=" " ind2="0" tag="650">
      <subfield code="a">Freedom of religion -- United States -- 20th century.</subfield>
    </datafield>
    <datafield ind1=" " ind2="0" tag="650">
      <subfield code="a">Freedom of speech -- United States -- 20th century.</subfield>
    </datafield>
    <datafield ind1=" " ind2="0" tag="650">
      <subfield code="a">Freedom of the press -- Minnesota -- 20th century.</subfield>
    </datafield>
    <datafield ind1=" " ind2="0" tag="650">
      <subfield code="a">Indians of North America -- Civil rights -- 20th century.</subfield>
    </datafield>
    <datafield ind1=" " ind2="0" tag="650">
      <subfield code="a">Labor laws and legislation -- United States -- 20th century.</subfield>
    </datafield>
    <datafield ind1=" " ind2="0" tag="650">
      <subfield code="a">Law -- United States -- Cases -- 20th century.</subfield>
    </datafield>
    <datafield ind1=" " ind2="0" tag="650">
      <subfield code="a">Lawyers -- United States -- 20th century -- Correspondence.</subfield>
    </datafield>
    <datafield ind1=" " ind2="0" tag="650">
      <subfield code="a">Legal aid -- United States -- 20th century.</subfield>
    </datafield>
    <datafield ind1=" " ind2="0" tag="650">
      <subfield code="a">Legal services -- United States -- 20th century.</subfield>
    </datafield>
    <datafield ind1=" " ind2="0" tag="650">
      <subfield code="a">Loyalty oaths -- United States -- 20th century.</subfield>
    </datafield>
    <datafield ind1=" " ind2="0" tag="650">
      <subfield code="a">Minorities -- Legal status, laws, etc. -- United States -- 20th century.</subfield>
    </datafield>
    <datafield ind1=" " ind2="0" tag="650">
      <subfield code="a">Police power -- United States -- 20th century.</subfield>
    </datafield>
    <datafield ind1=" " ind2="0" tag="650">
      <subfield code="a">Political questions and judicial power -- United States -- 20th century.</subfield>
    </datafield>
    <datafield ind1=" " ind2="0" tag="650">
      <subfield code="a">Privacy, Right of -- United States -- 20th century.</subfield>
    </datafield>
    <datafield ind1=" " ind2="0" tag="650">
      <subfield code="a">Race discrimination -- Law and legislation -- United States -- 20th century.</subfield>
    </datafield>
    <datafield ind1=" " ind2="0" tag="650">
      <subfield code="a">Records -- United States -- Access control -- 20th century.</subfield>
    </datafield>
    <datafield ind1=" " ind2="0" tag="650">
      <subfield code="a">Freedom of religion -- United States -- 20th century.</subfield>
    </datafield>
    <datafield ind1=" " ind2="0" tag="650">
      <subfield code="a">Sacco-Vanzetti Trial, Dedham, Mass., 1921.</subfield>
    </datafield>
    <datafield ind1=" " ind2="0" tag="650">
      <subfield code="a">Scottsboro Trial, Scottsboro, Ala., 1931.</subfield>
    </datafield>
    <datafield ind1=" " ind2="0" tag="650">
      <subfield code="a">Sex discrimination -- United States -- 20th century.</subfield>
    </datafield>
    <datafield ind1=" " ind2="0" tag="650">
      <subfield code="a">Strikes and lockouts -- United States -- Cases -- 20th century.</subfield>
    </datafield>
    <datafield ind1=" " ind2="0" tag="650">
      <subfield code="a">Subversive activities -- United States -- History -- 20th century.</subfield>
    </datafield>
    <datafield ind1=" " ind2="0" tag="650">
      <subfield code="a">Teaching, Freedom of -- United States -- 20th century.</subfield>
    </datafield>
    <datafield ind1=" " ind2="0" tag="650">
      <subfield code="a">Textile workers -- Labor unions -- New Jersey -- Patterson -- History -- 20th century.</subfield>
    </datafield>
    <datafield ind1=" " ind2="0" tag="650">
      <subfield code="a">Trials -- United States -- 20th century.</subfield>
    </datafield>
    <datafield ind1=" " ind2="7" tag="655">
      <subfield code="a">Briefs.</subfield>
      <subfield code="2">aat</subfield>
    </datafield>
    <datafield ind1=" " ind2="7" tag="655">
      <subfield code="a">Correspondence.</subfield>
      <subfield code="2">aat</subfield>
    </datafield>
    <datafield ind1=" " ind2="7" tag="655">
      <subfield code="a">Clippings.</subfield>
      <subfield code="2">aat</subfield>
    </datafield>
    <datafield ind1=" " ind2="7" tag="655">
      <subfield code="a">Legal correspondence.</subfield>
      <subfield code="2">aat</subfield>
    </datafield>
    <datafield ind1=" " ind2="7" tag="655">
      <subfield code="a">Legal documents.</subfield>
      <subfield code="2">aat</subfield>
    </datafield>
    <datafield ind1=" " ind2="7" tag="655">
      <subfield code="a">Records.</subfield>
      <subfield code="2">aat</subfield>
    </datafield>
    <datafield ind1=" " ind2=" " tag="852">
      <subfield code="a">Princeton University Library.  Department of Rare Books and Special Collections</subfield>
      <subfield code="b">Public Policy Papers</subfield>
    </datafield>
    <datafield ind1="4" ind2="2" tag="856">
      <subfield code="z">Finding aid online:</subfield>
      <subfield code="u">http://arks.princeton.edu/ark:/88435/rj430454b</subfield>
    </datafield>
  </record>
</collection>
